<record><leader>00000cas a2200000 a 4500</leader><controlfield tag="001">56914714</controlfield><controlfield tag="006">m     o  d        </controlfield><controlfield tag="007">cr |||||||||||</controlfield><controlfield tag="008">041105d19591973dcudr nso     0    0eng c</controlfield><datafield ind1=" " ind2=" " tag="010"><subfield code="a">  2004233797</subfield></datafield><datafield ind1=" " ind2=" " tag="040"><subfield code="a">GUA</subfield><subfield code="b">eng</subfield><subfield code="c">GUA</subfield><subfield code="d">OCLCQ</subfield><subfield code="d">IUL</subfield><subfield code="d">NLM</subfield><subfield code="d">OCLCA</subfield><subfield code="d">OCLCF</subfield><subfield code="d">NLM</subfield></datafield><datafield ind1="7" ind2=" " tag="016"><subfield code="a">100940160</subfield><subfield code="2">DNLM</subfield></datafield><datafield ind1=" " ind2=" " tag="042"><subfield code="a">pcc</subfield></datafield><datafield ind1=" " ind2=" " tag="043"><subfield code="a">n-us-dc</subfield></datafield><datafield ind1="1" ind2="0" tag="060"><subfield code="a">W1</subfield></datafield><datafield ind1="0" ind2=" " tag="130"><subfield code="a">Washington post, times herald (Online)</subfield></datafield><datafield ind1="1" ind2="4" tag="245"><subfield code="a">The Washington post, times herald</subfield><subfield code="h">[electronic resource].</subfield></datafield><datafield ind1="1" ind2=" " tag="246"><subfield code="i">Some providers have also title:</subfield><subfield code="a">Historical Washington post</subfield></datafield><datafield ind1=" " ind2=" " tag="260"><subfield code="a">Washington D.C. :</subfield><subfield code="b">Washington Post Co.</subfield></datafield><datafield ind1=" " ind2=" " tag="310"><subfield code="a">Daily</subfield></datafield><datafield ind1="0" ind2=" " tag="362"><subfield code="a">82nd year, no. 266 (Aug. 28, 1959)-97th year, no. 26 (Dec. 31, 1973).</subfield></datafield><datafield ind1=" " ind2=" " tag="538"><subfield code="a">Mode of access: World Wide Web.</subfield></datafield><datafield ind1=" " ind2=" " tag="588"><subfield code="a">Description based on: 82, no. 266 (August 28, 1959); title from PDF masthead (ProQuest, viewed February 21, 2013).</subfield></datafield><datafield ind1=" " ind2="0" tag="651"><subfield code="a">Washington (D.C.)</subfield><subfield code="v">Newspapers.</subfield></datafield><datafield ind1=" " ind2="7" tag="651"><subfield code="a">Washington (D.C.)</subfield><subfield code="2">fast</subfield><subfield code="0">(OCoLC)fst01204505</subfield></datafield><datafield ind1=" " ind2="2" tag="655"><subfield code="a">Periodicals.</subfield></datafield><datafield ind1=" " ind2="7" tag="655"><subfield code="a">Newspapers.</subfield><subfield code="2">fast</subfield><subfield code="0">(OCoLC)fst01423814</subfield></datafield><datafield ind1=" " ind2=" " tag="752"><subfield code="a">United States</subfield><subfield code="b">District of Columbia</subfield><subfield code="d">Washington.</subfield></datafield><datafield ind1="0" ind2="8" tag="776"><subfield code="i">Print version:</subfield><subfield code="t">Washington post, times herald</subfield><subfield code="w">(DLC)sn 84031523</subfield><subfield code="w">(OCoLC)2269359</subfield></datafield><datafield ind1="0" ind2="0" tag="780"><subfield code="t">Washington post and times herald (Online)</subfield><subfield code="w">(DLC)  2004233790</subfield><subfield code="w">(OCoLC)56914135</subfield></datafield><datafield ind1="0" ind2="0" tag="785"><subfield code="t">Washington post (Washington, D.C. : 1974 : Online)</subfield><subfield code="w">(DLC)  2004233795</subfield><subfield code="w">(OCoLC)56914684</subfield></datafield><datafield ind1="4" ind2="0" tag="856"><subfield code="u">http://proquest.umi.com/pqdweb?RQT=318&amp;TS=1099409834&amp;clientId=30345&amp;VType=PQD&amp;VName=HNP&amp;VInst=PROD&amp;pmid=000048612&amp;PageNum=1</subfield></datafield><datafield ind1="4" ind2="0" tag="856"><subfield code="u">http://www.washingtonpost.com/</subfield></datafield><datafield ind1="1" ind2=" " tag="029"><subfield code="a">AU@</subfield><subfield code="b">000026352331</subfield></datafield><datafield ind1="1" ind2=" " tag="029"><subfield code="a">NZ1</subfield><subfield code="b">12138692</subfield></datafield><datafield ind1="1" ind2=" " tag="029"><subfield code="a">NZ1</subfield><subfield code="b">13117339</subfield></datafield><datafield ind1="1" ind2=" " tag="029"><subfield code="a">AU@</subfield><subfield code="b">000044945314</subfield></datafield><datafield ind1="1" ind2=" " tag="029"><subfield code="a">AU@</subfield><subfield code="b">000045738170</subfield></datafield><datafield ind1="1" ind2=" " tag="029"><subfield code="a">NZ1</subfield><subfield code="b">13689740</subfield></datafield><datafield ind1="1" ind2=" " tag="029"><subfield code="a">NZ1</subfield><subfield code="b">14560963</subfield></datafield></record>